%%% ====================================================================
%%%  BibTeX-file{
%%% Author: Josiah Couch
%%% Date: 15 April 2018
%%%  }
%%% ====================================================================

%% @COMMENT{complile references for non-commutative geometry and complexity}

%% My own papers:

@article{Couch:2016exn,
      author         = "Couch, Josiah and Fischler, Willy and Nguyen, Phuc H.",
      title          = "{Noether charge, black hole volume, and complexity}",
      journal        = "JHEP",
      volume         = "03",
      year           = "2017",
      pages          = "119",
      doi            = "10.1007/JHEP03(2017)119",
      eprint         = "1610.02038",
      archivePrefix  = "arXiv",
      primaryClass   = "hep-th",
      reportNumber   = "UTTG-16-16",
      SLACcitation   = "%%CITATION = ARXIV:1610.02038;%%"
}

@article{Couch:2017yil,
      author         = "Couch, Josiah and Eccles, Stefan and Fischler, Willy and
                        Xiao, Ming-Lei",
      title          = "{Holographic complexity and noncommutative gauge theory}",
      journal        = "JHEP",
      volume         = "03",
      year           = "2018",
      pages          = "108",
      doi            = "10.1007/JHEP03(2018)108",
      eprint         = "1710.07833",
      archivePrefix  = "arXiv",
      primaryClass   = "hep-th",
      reportNumber   = "UTTG-09-17, UTTG--09--17",
      SLACcitation   = "%%CITATION = ARXIV:1710.07833;%%"
}

%% Books

@book{Susskind:2005js,
      author         = "Susskind, L. and Lindesay, J.",
      title          = "{An introduction to black holes, information and the
                        string theory revolution: The holographic universe}",
      journal        = "Hackensack, USA: World Scientific (2005) 183 p",
      year           = "2005",
      SLACcitation   = "%%CITATION = INSPIRE-684062;%%"
}

@book{Ammon:2015wua,
      author         = "Ammon, Martin and Erdmenger, Johanna",
      title          = "{Gauge/gravity duality}",
      publisher      = "Cambridge University Press",
      address        = "Cambridge",
      year           = "2015",
      url            = "http://www.cambridge.org/de/academic/subjects/physics/theoretical-physics-and-mathematical-physics/gaugegravity-duality-foundations-and-applications",
      ISBN           = "9781107010345, 9781316235942",
      SLACcitation   = "%%CITATION = INSPIRE-1376202;%%"
}

@book{Nielsen:2011:QCQ:1972505,
 author = {Nielsen, Michael A. and Chuang, Isaac L.},
 title = {Quantum Computation and Quantum Information: 10th Anniversary Edition},
 year = {2011},
 isbn = {1107002176, 9781107002173},
 edition = {10th},
 publisher = {Cambridge University Press},
 address = {New York, NY, USA},
}

%% BH Thermodynamics

@article{Parker:1968mv,
      author         = "Parker, L.",
      title          = "{Particle creation in expanding universes}",
      journal        = "Phys. Rev. Lett.",
      volume         = "21",
      year           = "1968",
      pages          = "562-564",
      doi            = "10.1103/PhysRevLett.21.562",
      SLACcitation   = "%%CITATION = PRLTA,21,562;%%"
}

@article{Bekenstein:1972tm,
      author         = "Bekenstein, J. D.",
      title          = "{Black holes and the second law}",
      journal        = "Lett. Nuovo Cim.",
      volume         = "4",
      year           = "1972",
      pages          = "737-740",
      doi            = "10.1007/BF02757029",
      SLACcitation   = "%%CITATION = NCLTA,4,737;%%"
}

@article{Bardeen:1973gs,
      author         = "Bardeen, James M. and Carter, B. and Hawking, S. W.",
      title          = "{The Four laws of black hole mechanics}",
      journal        = "Commun. Math. Phys.",
      volume         = "31",
      year           = "1973",
      pages          = "161-170",
      doi            = "10.1007/BF01645742",
      SLACcitation   = "%%CITATION = CMPHA,31,161;%%"
}

@article{Bekenstein:1973ur,
      author         = "Bekenstein, Jacob D.",
      title          = "{Black holes and entropy}",
      journal        = "Phys. Rev.",
      volume         = "D7",
      year           = "1973",
      pages          = "2333-2346",
      doi            = "10.1103/PhysRevD.7.2333",
      SLACcitation   = "%%CITATION = PHRVA,D7,2333;%%"
}

@article{Bekenstein:1974ax,
      author         = "Bekenstein, Jacob D.",
      title          = "{Generalized second law of thermodynamics in black hole
                        physics}",
      journal        = "Phys. Rev.",
      volume         = "D9",
      year           = "1974",
      pages          = "3292-3300",
      doi            = "10.1103/PhysRevD.9.3292",
      SLACcitation   = "%%CITATION = PHRVA,D9,3292;%%"
}

@article{Hawking:1974sw,
      author         = "Hawking, S. W.",
      title          = "{Particle Creation by Black Holes}",
      booktitle      = "{Euclidean quantum gravity}",
      journal        = "Commun. Math. Phys.",
      volume         = "43",
      year           = "1975",
      pages          = "199-220",
      doi            = "10.1007/BF02345020, 10.1007/BF01608497",
      note           = "[,167(1975)]",
      SLACcitation   = "%%CITATION = CMPHA,43,199;%%"
}

@article{Israel:1986gqz,
      author         = "Israel, W.",
      title          = "{Third Law of Black-Hole Dynamics: A Formulation and
                        Proof}",
      journal        = "Phys. Rev. Lett.",
      volume         = "57",
      year           = "1986",
      number         = "4",
      pages          = "397",
      doi            = "10.1103/PhysRevLett.57.397",
      SLACcitation   = "%%CITATION = PRLTA,57,397;%%"
}

@article{Page:2004xp,
      author         = "Page, Don N.",
      title          = "{Hawking radiation and black hole thermodynamics}",
      journal        = "New J. Phys.",
      volume         = "7",
      year           = "2005",
      pages          = "203",
      doi            = "10.1088/1367-2630/7/1/203",
      eprint         = "hep-th/0409024",
      archivePrefix  = "arXiv",
      primaryClass   = "hep-th",
      reportNumber   = "ALBERTA-THY-18-04",
      SLACcitation   = "%%CITATION = HEP-TH/0409024;%%"
}

%% Extended BH thermodynamics, a.k.a BH chemistry:

@article{Kastor:2009wy,
      author         = "Kastor, David and Ray, Sourya and Traschen, Jennie",
      title          = "{Enthalpy and the Mechanics of AdS Black Holes}",
      journal        = "Class. Quant. Grav.",
      volume         = "26",
      year           = "2009",
      pages          = "195011",
      doi            = "10.1088/0264-9381/26/19/195011",
      eprint         = "0904.2765",
      archivePrefix  = "arXiv",
      primaryClass   = "hep-th",
      SLACcitation   = "%%CITATION = ARXIV:0904.2765;%%"
}

@article{Kubiznak:2014zwa,
      author         = "Kubiznak, David and Mann, Robert B.",
      title          = "{Black hole chemistry}",
      booktitle      = "{Proceedings, Satellite Conference on Theory Canada 9:
                        Waterloo, Canada, June 12-15, 2014}",
      journal        = "Can. J. Phys.",
      volume         = "93",
      year           = "2015",
      number         = "9",
      pages          = "999-1002",
      doi            = "10.1139/cjp-2014-0465",
      eprint         = "1404.2126",
      archivePrefix  = "arXiv",
      primaryClass   = "gr-qc",
      SLACcitation   = "%%CITATION = ARXIV:1404.2126;%%"
}

@article{Dolan:2012jh,
      author         = "Dolan, Brian P.",
      title          = "{Where is the PdV term in the fist law of black hole
                        thermodynamics?}",
      doi            = "10.5772/52455",
      year           = "2012",
      eprint         = "1209.1272",
      archivePrefix  = "arXiv",
      primaryClass   = "gr-qc",
      reportNumber   = "DIAS-STP-12-07",
      SLACcitation   = "%%CITATION = ARXIV:1209.1272;%%"
}

@article{Frassino:2015oca,
      author         = "Frassino, Antonia M. and Mann, Robert B. and Mureika,
                        Jonas R.",
      title          = "{Lower-Dimensional Black Hole Chemistry}",
      journal        = "Phys. Rev.",
      volume         = "D92",
      year           = "2015",
      number         = "12",
      pages          = "124069",
      doi            = "10.1103/PhysRevD.92.124069",
      eprint         = "1509.05481",
      archivePrefix  = "arXiv",
      primaryClass   = "gr-qc",
      SLACcitation   = "%%CITATION = ARXIV:1509.05481;%%"
}

@article{Kubiznak:2016qmn,
      author         = "Kubiznak, David and Mann, Robert B. and Teo, Mae",
      title          = "{Black hole chemistry: thermodynamics with Lambda}",
      journal        = "Class. Quant. Grav.",
      volume         = "34",
      year           = "2017",
      number         = "6",
      pages          = "063001",
      doi            = "10.1088/1361-6382/aa5c69",
      eprint         = "1608.06147",
      archivePrefix  = "arXiv",
      primaryClass   = "hep-th",
      SLACcitation   = "%%CITATION = ARXIV:1608.06147;%%"
}

@article{Johnson:2014yja,
      author         = "Johnson, Clifford V.",
      title          = "{Holographic Heat Engines}",
      journal        = "Class. Quant. Grav.",
      volume         = "31",
      year           = "2014",
      pages          = "205002",
      doi            = "10.1088/0264-9381/31/20/205002",
      eprint         = "1404.5982",
      archivePrefix  = "arXiv",
      primaryClass   = "hep-th",
      SLACcitation   = "%%CITATION = ARXIV:1404.5982;%%"
}

@article{Caceres:2015vsa,
      author         = "Caceres, Elena and Nguyen, Phuc H. and Pedraza, Juan F.",
      title          = "{Holographic entanglement entropy and the extended phase
                        structure of STU black holes}",
      journal        = "JHEP",
      volume         = "09",
      year           = "2015",
      pages          = "184",
      doi            = "10.1007/JHEP09(2015)184",
      eprint         = "1507.06069",
      archivePrefix  = "arXiv",
      primaryClass   = "hep-th",
      reportNumber   = "UTTG-14-15, TCC-005-15",
      SLACcitation   = "%%CITATION = ARXIV:1507.06069;%%"
}

@article{Karch:2015rpa,
      author         = "Karch, Andreas and Robinson, Brandon",
      title          = "{Holographic Black Hole Chemistry}",
      journal        = "JHEP",
      volume         = "12",
      year           = "2015",
      pages          = "073",
      doi            = "10.1007/JHEP12(2015)073",
      eprint         = "1510.02472",
      archivePrefix  = "arXiv",
      primaryClass   = "hep-th",
      SLACcitation   = "%%CITATION = ARXIV:1510.02472;%%"
}

@article{Caceres:2016xjz,
      author         = "Caceres, Elena and Nguyen, Phuc H. and Pedraza, Juan F.",
      title          = "{Holographic entanglement chemistry}",
      journal        = "Phys. Rev.",
      volume         = "D95",
      year           = "2017",
      number         = "10",
      pages          = "106015",
      doi            = "10.1103/PhysRevD.95.106015",
      eprint         = "1605.00595",
      archivePrefix  = "arXiv",
      primaryClass   = "hep-th",
      reportNumber   = "UTTG-05-16",
      SLACcitation   = "%%CITATION = ARXIV:1605.00595;%%"
}

@article{Kastor:2016bph,
      author         = "Kastor, David and Ray, Sourya and Traschen, Jennie",
      title          = "{Extended First Law for Entanglement Entropy in Lovelock
                        Gravity}",
      journal        = "Entropy",
      volume         = "18",
      year           = "2016",
      number         = "6",
      pages          = "212",
      doi            = "10.3390/e18060212",
      eprint         = "1604.04468",
      archivePrefix  = "arXiv",
      primaryClass   = "hep-th",
      reportNumber   = "ACFI-T16-13",
      SLACcitation   = "%%CITATION = ARXIV:1604.04468;%%"
}

@article{Kastor:2014dra,
      author         = "Kastor, David and Ray, Sourya and Traschen, Jennie",
      title          = "{Chemical Potential in the First Law for Holographic
                        Entanglement Entropy}",
      journal        = "JHEP",
      volume         = "11",
      year           = "2014",
      pages          = "120",
      doi            = "10.1007/JHEP11(2014)120",
      eprint         = "1409.3521",
      archivePrefix  = "arXiv",
      primaryClass   = "hep-th",
      reportNumber   = "ACFI-T14-17",
      SLACcitation   = "%%CITATION = ARXIV:1409.3521;%%"
}

@article{Pradhan:2016rff,
      author         = "Pradhan, Parthapratim",
      title          = "{Thermodynamic Products in Extended Phase Space}",
      journal        = "Int. J. Mod. Phys.",
      volume         = "D26",
      year           = "2016",
      number         = "02",
      pages          = "1750010",
      doi            = "10.1142/S0218271817500109",
      eprint         = "1603.07748",
      archivePrefix  = "arXiv",
      primaryClass   = "gr-qc",
      SLACcitation   = "%%CITATION = ARXIV:1603.07748;%%"
}

%% Noether Charge and Iyer-Wald Formalism

@article{Iyer:1994ys,
      author         = "Iyer, Vivek and Wald, Robert M.",
      title          = "{Some properties of Noether charge and a proposal for
                        dynamical black hole entropy}",
      journal        = "Phys. Rev.",
      volume         = "D50",
      year           = "1994",
      pages          = "846-864",
      doi            = "10.1103/PhysRevD.50.846",
      eprint         = "gr-qc/9403028",
      archivePrefix  = "arXiv",
      primaryClass   = "gr-qc",
      SLACcitation   = "%%CITATION = GR-QC/9403028;%%"
}

@article{Iyer:1995kg,
      author         = "Iyer, Vivek and Wald, Robert M.",
      title          = "{A Comparison of Noether charge and Euclidean methods for
                        computing the entropy of stationary black holes}",
      journal        = "Phys. Rev.",
      volume         = "D52",
      year           = "1995",
      pages          = "4430-4439",
      doi            = "10.1103/PhysRevD.52.4430",
      eprint         = "gr-qc/9503052",
      archivePrefix  = "arXiv",
      primaryClass   = "gr-qc",
      SLACcitation   = "%%CITATION = GR-QC/9503052;%%"
}

%% Deriving the Einstein's equations from thermodynamics and/or the first law of entanglement entropy

@article{Faulkner:2013ica,
      author         = "Faulkner, Thomas and Guica, Monica and Hartman, Thomas
                        and Myers, Robert C. and Van Raamsdonk, Mark",
      title          = "{Gravitation from Entanglement in Holographic CFTs}",
      journal        = "JHEP",
      volume         = "03",
      year           = "2014",
      pages          = "051",
      doi            = "10.1007/JHEP03(2014)051",
      eprint         = "1312.7856",
      archivePrefix  = "arXiv",
      primaryClass   = "hep-th",
      SLACcitation   = "%%CITATION = ARXIV:1312.7856;%%"
}

@article{Mosk:2016elb,
      author         = "Mosk, Benjamin",
      title          = "{Holographic equivalence between the first law of
                        entanglement entropy and the linearized gravitational
                        equations}",
      journal        = "Phys. Rev.",
      volume         = "D94",
      year           = "2016",
      number         = "12",
      pages          = "126001",
      doi            = "10.1103/PhysRevD.94.126001",
      eprint         = "1608.06292",
      archivePrefix  = "arXiv",
      primaryClass   = "hep-th",
      reportNumber   = "SU-ITP-16-17",
      SLACcitation   = "%%CITATION = ARXIV:1608.06292;%%"
}

%% BH Information and Firewall Paradoxes

@article{Hawking:1976ra,
      author         = "Hawking, S. W.",
      title          = "{Breakdown of Predictability in Gravitational Collapse}",
      journal        = "Phys. Rev.",
      volume         = "D14",
      year           = "1976",
      pages          = "2460-2473",
      doi            = "10.1103/PhysRevD.14.2460",
      SLACcitation   = "%%CITATION = PHRVA,D14,2460;%%"
}

@article{Susskind:1993if,
      author         = "Susskind, Leonard and Thorlacius, Larus and Uglum, John",
      title          = "{The Stretched horizon and black hole complementarity}",
      journal        = "Phys. Rev.",
      volume         = "D48",
      year           = "1993",
      pages          = "3743-3761",
      doi            = "10.1103/PhysRevD.48.3743",
      eprint         = "hep-th/9306069",
      archivePrefix  = "arXiv",
      primaryClass   = "hep-th",
      reportNumber   = "SU-ITP-93-15",
      SLACcitation   = "%%CITATION = HEP-TH/9306069;%%"
}

@article{Hayden:2007cs,
      author         = "Hayden, Patrick and Preskill, John",
      title          = "{Black holes as mirrors: Quantum information in random
                        subsystems}",
      journal        = "JHEP",
      volume         = "09",
      year           = "2007",
      pages          = "120",
      doi            = "10.1088/1126-6708/2007/09/120",
      eprint         = "0708.4025",
      archivePrefix  = "arXiv",
      primaryClass   = "hep-th",
      reportNumber   = "CALT-68-2659",
      SLACcitation   = "%%CITATION = ARXIV:0708.4025;%%"
}

@article{Mathur:2009hf,
      author         = "Mathur, Samir D.",
      title          = "{The Information paradox: A Pedagogical introduction}",
      booktitle      = "{Strings, Supergravity and Gauge Theories. Proceedings,
                        CERN Winter School, CERN, Geneva, Switzerland, February
                        9-13 2009}",
      journal        = "Class. Quant. Grav.",
      volume         = "26",
      year           = "2009",
      pages          = "224001",
      doi            = "10.1088/0264-9381/26/22/224001",
      eprint         = "0909.1038",
      archivePrefix  = "arXiv",
      primaryClass   = "hep-th",
      SLACcitation   = "%%CITATION = ARXIV:0909.1038;%%"
}

@article{Almheiri:2012rt,
      author         = "Almheiri, Ahmed and Marolf, Donald and Polchinski, Joseph
                        and Sully, James",
      title          = "{Black Holes: Complementarity or Firewalls?}",
      journal        = "JHEP",
      volume         = "02",
      year           = "2013",
      pages          = "062",
      doi            = "10.1007/JHEP02(2013)062",
      eprint         = "1207.3123",
      archivePrefix  = "arXiv",
      primaryClass   = "hep-th",
      SLACcitation   = "%%CITATION = ARXIV:1207.3123;%%"
}

@article{Harlow:2013tf,
      author         = "Harlow, Daniel and Hayden, Patrick",
      title          = "{Quantum Computation vs. Firewalls}",
      journal        = "JHEP",
      volume         = "06",
      year           = "2013",
      pages          = "085",
      doi            = "10.1007/JHEP06(2013)085",
      eprint         = "1301.4504",
      archivePrefix  = "arXiv",
      primaryClass   = "hep-th",
      SLACcitation   = "%%CITATION = ARXIV:1301.4504;%%"
}

%% Old papers on AdS/CFT:

@article{Maldacena:1997re,
      author         = "Maldacena, Juan Martin",
      title          = "{The Large N limit of superconformal field theories and
                        supergravity}",
      journal        = "Int. J. Theor. Phys.",
      volume         = "38",
      year           = "1999",
      pages          = "1113-1133",
      doi            = "10.1023/A:1026654312961, 10.4310/ATMP.1998.v2.n2.a1",
      note           = "[Adv. Theor. Math. Phys.2,231(1998)]",
      eprint         = "hep-th/9711200",
      archivePrefix  = "arXiv",
      primaryClass   = "hep-th",
      reportNumber   = "HUTP-97-A097, HUTP-98-A097",
      SLACcitation   = "%%CITATION = HEP-TH/9711200;%%"
}

@article{Gubser:1998bc,
      author         = "Gubser, S. S. and Klebanov, Igor R. and Polyakov,
                        Alexander M.",
      title          = "{Gauge theory correlators from noncritical string
                        theory}",
      journal        = "Phys. Lett.",
      volume         = "B428",
      year           = "1998",
      pages          = "105-114",
      doi            = "10.1016/S0370-2693(98)00377-3",
      eprint         = "hep-th/9802109",
      archivePrefix  = "arXiv",
      primaryClass   = "hep-th",
      reportNumber   = "PUPT-1767",
      SLACcitation   = "%%CITATION = HEP-TH/9802109;%%"
}

@article{Witten:1998qj,
      author         = "Witten, Edward",
      title          = "{Anti-de Sitter space and holography}",
      journal        = "Adv. Theor. Math. Phys.",
      volume         = "2",
      year           = "1998",
      pages          = "253-291",
      doi            = "10.4310/ATMP.1998.v2.n2.a2",
      eprint         = "hep-th/9802150",
      archivePrefix  = "arXiv",
      primaryClass   = "hep-th",
      reportNumber   = "IASSNS-HEP-98-15",
      SLACcitation   = "%%CITATION = HEP-TH/9802150;%%"
}

@article{Susskind:1998dq,
      author         = "Susskind, Leonard and Witten, Edward",
      title          = "{The Holographic bound in anti-de Sitter space}",
      year           = "1998",
      eprint         = "hep-th/9805114",
      archivePrefix  = "arXiv",
      primaryClass   = "hep-th",
      reportNumber   = "SU-ITP-98-39, IASSNS-HEP-98-44",
      SLACcitation   = "%%CITATION = HEP-TH/9805114;%%"
}

%% Holography and non-local field theory:

@article{Seiberg:1999vs,
      author         = "Seiberg, Nathan and Witten, Edward",
      title          = "{String theory and noncommutative geometry}",
      journal        = "JHEP",
      volume         = "09",
      year           = "1999",
      pages          = "032",
      doi            = "10.1088/1126-6708/1999/09/032",
      eprint         = "hep-th/9908142",
      archivePrefix  = "arXiv",
      primaryClass   = "hep-th",
      reportNumber   = "IASSNS-HEP-99-74",
      SLACcitation   = "%%CITATION = HEP-TH/9908142;%%"
}


@article{Hashimoto:1999ut,
      author         = "Hashimoto, Akikazu and Itzhaki, N.",
      title          = "{Noncommutative Yang-Mills and the AdS / CFT
                        correspondence}",
      journal        = "Phys. Lett.",
      volume         = "B465",
      year           = "1999",
      pages          = "142-147",
      doi            = "10.1016/S0370-2693(99)01037-0",
      eprint         = "hep-th/9907166",
      archivePrefix  = "arXiv",
      primaryClass   = "hep-th",
      reportNumber   = "NSF-ITP-99-085",
      SLACcitation   = "%%CITATION = HEP-TH/9907166;%%"
}

@article{Maldacena:1999mh,
      author         = "Maldacena, Juan Martin and Russo, Jorge G.",
      title          = "{Large N limit of noncommutative gauge theories}",
      journal        = "JHEP",
      volume         = "09",
      year           = "1999",
      pages          = "025",
      doi            = "10.1088/1126-6708/1999/09/025",
      eprint         = "hep-th/9908134",
      archivePrefix  = "arXiv",
      primaryClass   = "hep-th",
      reportNumber   = "HUTP-99-A046",
      SLACcitation   = "%%CITATION = HEP-TH/9908134;%%"
}

@article{Alishahiha:1999ci,
      author         = "Alishahiha, Mohsen and Oz, Yaron and Sheikh-Jabbari, M.
                        M.",
      title          = "{Supergravity and large N noncommutative field theories}",
      journal        = "JHEP",
      volume         = "11",
      year           = "1999",
      pages          = "007",
      doi            = "10.1088/1126-6708/1999/11/007",
      eprint         = "hep-th/9909215",
      archivePrefix  = "arXiv",
      primaryClass   = "hep-th",
      reportNumber   = "CERN-TH-99-266, IPM-P-99-045",
      SLACcitation   = "%%CITATION = HEP-TH/9909215;%%"
}

@article{Cai:1999aw,
      author         = "Cai, Rong-Gen and Ohta, Nobuyoshi",
      title          = "{On the thermodynamics of large N noncommutative
                        superYang-Mills theory}",
      journal        = "Phys. Rev.",
      volume         = "D61",
      year           = "2000",
      pages          = "124012",
      doi            = "10.1103/PhysRevD.61.124012",
      eprint         = "hep-th/9910092",
      archivePrefix  = "arXiv",
      primaryClass   = "hep-th",
      reportNumber   = "OU-HET-329",
      SLACcitation   = "%%CITATION = HEP-TH/9910092;%%"
}

@article{Berman:2000jw,
      author         = "Berman, David S. and Campos, Vanicson L. and Cederwall,
                        Martin and Gran, Ulf and Larsson, Henric and Nielsen,
                        Mikkel and Nilsson, Bengt E. W. and Sundell, Per",
      title          = "{Holographic noncommutativity}",
      journal        = "JHEP",
      volume         = "05",
      year           = "2001",
      pages          = "002",
      doi            = "10.1088/1126-6708/2001/05/002",
      eprint         = "hep-th/0011282",
      archivePrefix  = "arXiv",
      primaryClass   = "hep-th",
      reportNumber   = "UG-00-21",
      SLACcitation   = "%%CITATION = HEP-TH/0011282;%%"
}

@article{Fischler:2013gsa,
      author         = "Fischler, Willy and Kundu, Arnab and Kundu, Sandipan",
      title          = "{Holographic Entanglement in a Noncommutative Gauge
                        Theory}",
      journal        = "JHEP",
      volume         = "01",
      year           = "2014",
      pages          = "137",
      doi            = "10.1007/JHEP01(2014)137",
      eprint         = "1307.2932",
      archivePrefix  = "arXiv",
      primaryClass   = "hep-th",
      reportNumber   = "UTTG-14-13, TCC-010-13",
      SLACcitation   = "%%CITATION = ARXIV:1307.2932;%%"
}

@article{Karczmarek:2013xxa,
      author         = "Karczmarek, Joanna L. and Rabideau, Charles",
      title          = "{Holographic entanglement entropy in nonlocal theories}",
      journal        = "JHEP",
      volume         = "10",
      year           = "2013",
      pages          = "078",
      doi            = "10.1007/JHEP10(2013)078",
      eprint         = "1307.3517",
      archivePrefix  = "arXiv",
      primaryClass   = "hep-th",
      SLACcitation   = "%%CITATION = ARXIV:1307.3517;%%"
}

@article{Edalati:2012jj,
      author         = "Edalati, Mohammad and Fischler, Willy and Pedraza, Juan
                        F. and Tangarife Garcia, Walter",
      title          = "{Fast Scramblers and Non-commutative Gauge Theories}",
      journal        = "JHEP",
      volume         = "07",
      year           = "2012",
      pages          = "043",
      doi            = "10.1007/JHEP07(2012)043",
      eprint         = "1204.5748",
      archivePrefix  = "arXiv",
      primaryClass   = "hep-th",
      reportNumber   = "UTTG-06-12, TCC-008-12",
      SLACcitation   = "%%CITATION = ARXIV:1204.5748;%%"
}

@article{Fischler:2000bp,
      author         = "Fischler, W. and Gorbatov, E. and Kashani-Poor, A. and
                        McNees, R. and Paban, S. and Pouliot, P.",
      title          = "{The Interplay between theta and T}",
      journal        = "JHEP",
      volume         = "06",
      year           = "2000",
      pages          = "032",
      doi            = "10.1088/1126-6708/2000/06/032",
      eprint         = "hep-th/0003216",
      archivePrefix  = "arXiv",
      primaryClass   = "hep-th",
      reportNumber   = "UTTG-05-00",
      SLACcitation   = "%%CITATION = HEP-TH/0003216;%%"
}

%% Holographic Entanglement Entropy

@article{Ryu:2006bv,
      author         = "Ryu, Shinsei and Takayanagi, Tadashi",
      title          = "{Holographic derivation of entanglement entropy from
                        AdS/CFT}",
      journal        = "Phys. Rev. Lett.",
      volume         = "96",
      year           = "2006",
      pages          = "181602",
      doi            = "10.1103/PhysRevLett.96.181602",
      eprint         = "hep-th/0603001",
      archivePrefix  = "arXiv",
      primaryClass   = "hep-th",
      reportNumber   = "NSF-KITP-06-11",
      SLACcitation   = "%%CITATION = HEP-TH/0603001;%%"
}

@article{Ryu:2006ef,
      author         = "Ryu, Shinsei and Takayanagi, Tadashi",
      title          = "{Aspects of Holographic Entanglement Entropy}",
      journal        = "JHEP",
      volume         = "08",
      year           = "2006",
      pages          = "045",
      doi            = "10.1088/1126-6708/2006/08/045",
      eprint         = "hep-th/0605073",
      archivePrefix  = "arXiv",
      primaryClass   = "hep-th",
      reportNumber   = "NSF-KITP-06-31, KUNS-2021",
      SLACcitation   = "%%CITATION = HEP-TH/0605073;%%"
}

@article{Swingle:2009bg,
      author         = "Swingle, Brian",
      title          = "{Entanglement Renormalization and Holography}",
      journal        = "Phys. Rev.",
      volume         = "D86",
      year           = "2012",
      pages          = "065007",
      doi            = "10.1103/PhysRevD.86.065007",
      eprint         = "0905.1317",
      archivePrefix  = "arXiv",
      primaryClass   = "cond-mat.str-el",
      SLACcitation   = "%%CITATION = ARXIV:0905.1317;%%"
}

@article{Hartman:2013qma,
      author         = "Hartman, Thomas and Maldacena, Juan",
      title          = "{Time Evolution of Entanglement Entropy from Black Hole
                        Interiors}",
      journal        = "JHEP",
      volume         = "05",
      year           = "2013",
      pages          = "014",
      doi            = "10.1007/JHEP05(2013)014",
      eprint         = "1303.1080",
      archivePrefix  = "arXiv",
      primaryClass   = "hep-th",
      SLACcitation   = "%%CITATION = ARXIV:1303.1080;%%"
}

@article{Liu:2013iza,
      author         = "Liu, Hong and Suh, S. Josephine",
      title          = "{Entanglement Tsunami: Universal Scaling in Holographic
                        Thermalization}",
      journal        = "Phys. Rev. Lett.",
      volume         = "112",
      year           = "2014",
      pages          = "011601",
      doi            = "10.1103/PhysRevLett.112.011601",
      eprint         = "1305.7244",
      archivePrefix  = "arXiv",
      primaryClass   = "hep-th",
      reportNumber   = "MIT-CTP-4475",
      SLACcitation   = "%%CITATION = ARXIV:1305.7244;%%"
}

@article{Liu:2013qca,
      author         = "Liu, Hong and Suh, S. Josephine",
      title          = "{Entanglement growth during thermalization in holographic
                        systems}",
      journal        = "Phys. Rev.",
      volume         = "D89",
      year           = "2014",
      number         = "6",
      pages          = "066012",
      doi            = "10.1103/PhysRevD.89.066012",
      eprint         = "1311.1200",
      archivePrefix  = "arXiv",
      primaryClass   = "hep-th",
      reportNumber   = "MIT-CTP-4510",
      SLACcitation   = "%%CITATION = ARXIV:1311.1200;%%"
}

@article{Headrick:2013zda,
      author         = "Headrick, Matthew",
      title          = "{General properties of holographic entanglement entropy}",
      journal        = "JHEP",
      volume         = "03",
      year           = "2014",
      pages          = "085",
      doi            = "10.1007/JHEP03(2014)085",
      eprint         = "1312.6717",
      archivePrefix  = "arXiv",
      primaryClass   = "hep-th",
      reportNumber   = "BRX-TH673",
      SLACcitation   = "%%CITATION = ARXIV:1312.6717;%%"
}

@article{Casini:2011kv,
      author         = "Casini, Horacio and Huerta, Marina and Myers, Robert C.",
      title          = "{Towards a derivation of holographic entanglement
                        entropy}",
      journal        = "JHEP",
      volume         = "05",
      year           = "2011",
      pages          = "036",
      doi            = "10.1007/JHEP05(2011)036",
      eprint         = "1102.0440",
      archivePrefix  = "arXiv",
      primaryClass   = "hep-th",
      SLACcitation   = "%%CITATION = ARXIV:1102.0440;%%"
}

%% Holographic Complexity: Complexity = Volume

@article{Susskind:2014rva,
      author         = "Susskind, Leonard",
      title          = "{Computational Complexity and Black Hole Horizons}",
      journal        = "Fortsch. Phys.",
      volume         = "64",
      year           = "2016",
      pages          = "44-48",
      doi            = "10.1002/prop.201500093, 10.1002/prop.201500092",
      note           = "[Fortsch. Phys.64,24(2016)]",
      eprint         = "1403.5695",
      archivePrefix  = "arXiv",
      primaryClass   = "hep-th",
      reportNumber   = "arXiv:1402.5674",
      SLACcitation   = "%%CITATION = ARXIV:1403.5695;%%"
}

@article{Stanford:2014jda,
      author         = "Stanford, Douglas and Susskind, Leonard",
      title          = "{Complexity and Shock Wave Geometries}",
      journal        = "Phys. Rev.",
      volume         = "D90",
      year           = "2014",
      number         = "12",
      pages          = "126007",
      doi            = "10.1103/PhysRevD.90.126007",
      eprint         = "1406.2678",
      archivePrefix  = "arXiv",
      primaryClass   = "hep-th",
      SLACcitation   = "%%CITATION = ARXIV:1406.2678;%%"
}

@article{Susskind:2014jwa,
      author         = "Susskind, Leonard and Zhao, Ying",
      title          = "{Switchbacks and the Bridge to Nowhere}",
      year           = "2014",
      eprint         = "1408.2823",
      archivePrefix  = "arXiv",
      primaryClass   = "hep-th",
      SLACcitation   = "%%CITATION = ARXIV:1408.2823;%%"
}

@article{Alishahiha:2015rta,
      author         = "Alishahiha, Mohsen",
      title          = "{Holographic Complexity}",
      journal        = "Phys. Rev.",
      volume         = "D92",
      year           = "2015",
      number         = "12",
      pages          = "126009",
      doi            = "10.1103/PhysRevD.92.126009",
      eprint         = "1509.06614",
      archivePrefix  = "arXiv",
      primaryClass   = "hep-th",
      SLACcitation   = "%%CITATION = ARXIV:1509.06614;%%"
}

@article{Momeni:2016ira,
      author         = "Momeni, Davood and Faizal, Mir and Bahamonde, Sebastian
                        and Myrzakulov, Ratbay",
      title          = "{Holographic complexity for time-dependent backgrounds}",
      journal        = "Phys. Lett.",
      volume         = "B762",
      year           = "2016",
      pages          = "276-282",
      doi            = "10.1016/j.physletb.2016.09.036",
      eprint         = "1610.01542",
      archivePrefix  = "arXiv",
      primaryClass   = "hep-th",
      SLACcitation   = "%%CITATION = ARXIV:1610.01542;%%"
}

@article{Ben-Ami:2016qex,
      author         = "Ben-Ami, Omer and Carmi, Dean",
      title          = "{On Volumes of Subregions in Holography and Complexity}",
      journal        = "JHEP",
      volume         = "11",
      year           = "2016",
      pages          = "129",
      doi            = "10.1007/JHEP11(2016)129",
      eprint         = "1609.02514",
      archivePrefix  = "arXiv",
      primaryClass   = "hep-th",
      SLACcitation   = "%%CITATION = ARXIV:1609.02514;%%"
}

%% Holographic Complexity: Complexity = Action

@article{Brown:2015bva,
      author         = "Brown, Adam R. and Roberts, Daniel A. and Susskind,
                        Leonard and Swingle, Brian and Zhao, Ying",
      title          = "{Holographic Complexity Equals Bulk Action?}",
      journal        = "Phys. Rev. Lett.",
      volume         = "116",
      year           = "2016",
      number         = "19",
      pages          = "191301",
      doi            = "10.1103/PhysRevLett.116.191301",
      eprint         = "1509.07876",
      archivePrefix  = "arXiv",
      primaryClass   = "hep-th",
      SLACcitation   = "%%CITATION = ARXIV:1509.07876;%%"
}

@article{Brown:2015lvg,
      author         = "Brown, Adam R. and Roberts, Daniel A. and Susskind,
                        Leonard and Swingle, Brian and Zhao, Ying",
      title          = "{Complexity, action, and black holes}",
      journal        = "Phys. Rev.",
      volume         = "D93",
      year           = "2016",
      number         = "8",
      pages          = "086006",
      doi            = "10.1103/PhysRevD.93.086006",
      eprint         = "1512.04993",
      archivePrefix  = "arXiv",
      primaryClass   = "hep-th",
      SLACcitation   = "%%CITATION = ARXIV:1512.04993;%%"
}

@article{Lehner:2016vdi,
      author         = "Lehner, Luis and Myers, Robert C. and Poisson, Eric and
                        Sorkin, Rafael D.",
      title          = "{Gravitational action with null boundaries}",
      journal        = "Phys. Rev.",
      volume         = "D94",
      year           = "2016",
      number         = "8",
      pages          = "084046",
      doi            = "10.1103/PhysRevD.94.084046",
      eprint         = "1609.00207",
      archivePrefix  = "arXiv",
      primaryClass   = "hep-th",
      SLACcitation   = "%%CITATION = ARXIV:1609.00207;%%"
}

@article{Carmi:2017jqz,
      author         = "Carmi, Dean and Chapman, Shira and Marrochio, Hugo and
                        Myers, Robert C. and Sugishita, Sotaro",
      title          = "{On the Time Dependence of Holographic Complexity}",
      year           = "2017",
      eprint         = "1709.10184",
      archivePrefix  = "arXiv",
      primaryClass   = "hep-th",
      SLACcitation   = "%%CITATION = ARXIV:1709.10184;%%"
}

@article{Zhao:2017isy,
      author         = "Zhao, Ying",
      title          = "{Uncomplexity and Black Hole Geometry}",
      year           = "2017",
      eprint         = "1711.03125",
      archivePrefix  = "arXiv",
      primaryClass   = "hep-th",
      SLACcitation   = "%%CITATION = ARXIV:1711.03125;%%"
}

@article{Moosa:2017yvt,
      author         = "Moosa, Mudassir",
      title          = "{Evolution of Complexity Following a Global Quench}",
      year           = "2017",
      eprint         = "1711.02668",
      archivePrefix  = "arXiv",
      primaryClass   = "hep-th",
      SLACcitation   = "%%CITATION = ARXIV:1711.02668;%%"
}

@article{Moosa:2017yiz,
      author         = "Moosa, Mudassir",
      title          = "{Divergences in the rate of complexification}",
      year           = "2017",
      eprint         = "1712.07137",
      archivePrefix  = "arXiv",
      primaryClass   = "hep-th",
      SLACcitation   = "%%CITATION = ARXIV:1712.07137;%%"
}

%% Complexity Geometry and QFT Complexity:

@article{Brown:2017jil,
      author         = "Brown, Adam R. and Susskind, Leonard",
      title          = "{The Second Law of Quantum Complexity}",
      year           = "2017",
      eprint         = "1701.01107",
      archivePrefix  = "arXiv",
      primaryClass   = "hep-th",
      SLACcitation   = "%%CITATION = ARXIV:1701.01107;%%"
}

@article{Brown:2016wib,
      author         = "Brown, Adam R. and Susskind, Leonard and Zhao, Ying",
      title          = "{Quantum Complexity and Negative Curvature}",
      journal        = "Phys. Rev.",
      volume         = "D95",
      year           = "2017",
      number         = "4",
      pages          = "045010",
      doi            = "10.1103/PhysRevD.95.045010",
      eprint         = "1608.02612",
      archivePrefix  = "arXiv",
      primaryClass   = "hep-th",
      SLACcitation   = "%%CITATION = ARXIV:1608.02612;%%"
}

@article{Yang:2017nfn,
      author         = "Yang, Run-Qiu",
      title          = "{A Complexity for Quantum Field Theory States and
                        Application in Thermofield Double States}",
      year           = "2017",
      eprint         = "1709.00921",
      archivePrefix  = "arXiv",
      primaryClass   = "hep-th",
      SLACcitation   = "%%CITATION = ARXIV:1709.00921;%%"
}


@article{Jefferson:2017sdb,
      author         = "Jefferson, Robert A. and Myers, Robert C.",
      title          = "{Circuit complexity in quantum field theory}",
      year           = "2017",
      eprint         = "1707.08570",
      archivePrefix  = "arXiv",
      primaryClass   = "hep-th",
      SLACcitation   = "%%CITATION = ARXIV:1707.08570;%%"
}

@article{Chapman:2017rqy,
      author         = "Chapman, Shira and Heller, Michal P. and Marrochio, Hugo
                        and Pastawski, Fernando",
      title          = "{Towards Complexity for Quantum Field Theory States}",
      year           = "2017",
      eprint         = "1707.08582",
      archivePrefix  = "arXiv",
      primaryClass   = "hep-th",
      SLACcitation   = "%%CITATION = ARXIV:1707.08582;%%"
}

%% MF/MC and bit-threads:

@article{Elias:1956,
	author={P. Elias and A. Feinstein and C. Shannon}, 
	journal={IRE Transactions on Information Theory}, 
	title={A note on the maximum flow through a network}, 
	year={1956}, 
	volume={2}, 
	number={4}, 
	pages={117-119}, 
	keywords={Graph theory;Networks;Bridges;Cities and towns;Communication channels;Delay;Telephony}, 
	doi={10.1109/TIT.1956.1056816}, 
	ISSN={0096-1000}, 
	month={December},
}

@Misc{zbMATH03174052,
    Author = {L.R.jun. {Ford} and D.R. {Fulkerson}},
    Title = {{Flows in networks.}},
    Year = {1962},
    Language = {English},
    HowPublished = {{Princeton, N. J.: Princeton University Press, XII, 194 p. (1962).}},
    MSC2010 = {05C20 05C21 05-02},
    Zbl = {0106.34802}
}

@article {Federer:1975,
    AUTHOR = {Herbert Federer},
     TITLE = {Real Flat Chains, Cochains and Variational Problems},
   JOURNAL = {Indiana Univ. Math. J.},
  FJOURNAL = {Indiana University Mathematics Journal},
    VOLUME = {24},
      YEAR = {1975},
     ISSUE = {4},
     PAGES = {351–407},
      ISSN = {0022-2518},
     CODEN = {IUMJAB},
   MRCLASS = {},
}

@Article{Strang1983,
author="Strang, Gilbert",
title="Maximal flow through a domain",
journal="Mathematical Programming",
year="1983",
month="Jun",
day="01",
volume="26",
number="2",
pages="123--143",
abstract="In place of flows on a discrete network we study flows described by a vector field $\sigma$(x,y) in a plane domain $\omega$. The analogue of the capacity constraint is |$\sigma$|≤c(x,y), and the strength of sources and sinks is $\sigma${\textperiodcentered}n=$\lambda$f on the boundary and---div $\sigma$=$\lambda$F in the interior. We show that the largest $\lambda$ (the maximal flow) is determined by the minimal cut. As in the discrete case the dual problem has a 0--1 solution, given by the characteristic function of the minimal cut; for the continuous problem the argument depends on the coarea formula for functions of bounded variation.",
issn="1436-4646",
doi="10.1007/BF02592050",
url="https://doi.org/10.1007/BF02592050"
}

@article{Cui:2015pla,
      author         = "Cui, Shawn X. and Freedman, Michael H. and Sattath, Or
                        and Stong, Richard and Minton, Greg",
      title          = "{Quantum Max-flow/Min-cut}",
      journal        = "J. Math. Phys.",
      volume         = "57",
      year           = "2016",
      number         = "6",
      pages          = "062206",
      doi            = "10.1063/1.4954231",
      eprint         = "1508.04644",
      archivePrefix  = "arXiv",
      primaryClass   = "math.CO",
      SLACcitation   = "%%CITATION = ARXIV:1508.04644;%%"
}

@article{Freedman:2016zud,
      author         = "Freedman, Michael and Headrick, Matthew",
      title          = "{Bit threads and holographic entanglement}",
      journal        = "Commun. Math. Phys.",
      volume         = "352",
      year           = "2017",
      number         = "1",
      pages          = "407-438",
      doi            = "10.1007/s00220-016-2796-3",
      eprint         = "1604.00354",
      archivePrefix  = "arXiv",
      primaryClass   = "hep-th",
      reportNumber   = "BRX-TH-6302, NSF-KITP-16-051",
      SLACcitation   = "%%CITATION = ARXIV:1604.00354;%%"
}

@article{Headrick:2017ucz,
      author         = "Headrick, Matthew and Hubeny, Veronika E.",
      title          = "{Riemannian and Lorentzian flow-cut theorems}",
      year           = "2017",
      eprint         = "1710.09516",
      archivePrefix  = "arXiv",
      primaryClass   = "hep-th",
      SLACcitation   = "%%CITATION = ARXIV:1710.09516;%%"
}



%% Quantum Information

@inproceedings{Aaronson:2016vto,
      author         = "Aaronson, Scott",
      title          = "{The Complexity of Quantum States and Transformations:
                        From Quantum Money to Black Holes}",
      url            = "https://inspirehep.net/record/1476631/files/arXiv:1607.05256.pdf",
      year           = "2016",
      eprint         = "1607.05256",
      archivePrefix  = "arXiv",
      primaryClass   = "quant-ph",
      SLACcitation   = "%%CITATION = ARXIV:1607.05256;%%"
}

@article{Lloyd,
      author         = "Lloyd, Seth",
      title          = "{Ultimate physical limits to computation}",
      journal        = "Nature",
      volume         = "406",
      year           = "2000",
      number         = "6799",
      pages          = "1047-1054",
      doi            = "10.1038/35023282"
}

@article{Margolus:1997ih,
      author         = "Margolus, Norman and Levitin, Lev B.",
      title          = "{The Maximum speed of dynamical evolution}",
      booktitle      = "{4th Workshop on Physics and Computation (PhysComp 96)
                        Boston, Massachusetts, November 22-24, 1996}",
      journal        = "Physica",
      volume         = "D120",
      year           = "1998",
      pages          = "188-195",
      doi            = "10.1016/S0167-2789(98)00054-2",
      eprint         = "quant-ph/9710043",
      archivePrefix  = "arXiv",
      primaryClass   = "quant-ph",
      SLACcitation   = "%%CITATION = QUANT-PH/9710043;%%"
}

@article{Cottrell:2017ayj,
      author         = "Cottrell, William and Montero, Miguel",
      title          = "{Complexity is Simple}",
      year           = "2017",
      eprint         = "1710.01175",
      archivePrefix  = "arXiv",
      primaryClass   = "hep-th",
      SLACcitation   = "%%CITATION = ARXIV:1710.01175;%%"
}

%% Tensor Networks

@article{Czech:2015qta,
      author         = "Czech, Bartlomiej and Lamprou, Lampros and McCandlish,
                        Samuel and Sully, James",
      title          = "{Integral Geometry and Holography}",
      journal        = "JHEP",
      volume         = "10",
      year           = "2015",
      pages          = "175",
      doi            = "10.1007/JHEP10(2015)175",
      eprint         = "1505.05515",
      archivePrefix  = "arXiv",
      primaryClass   = "hep-th",
      reportNumber   = "SU-ITP-15-07",
      SLACcitation   = "%%CITATION = ARXIV:1505.05515;%%"
}

@article{Czech:2015kbp,
      author         = "Czech, Bartlomiej and Lamprou, Lampros and McCandlish,
                        Samuel and Sully, James",
      title          = "{Tensor Networks from Kinematic Space}",
      journal        = "JHEP",
      volume         = "07",
      year           = "2016",
      pages          = "100",
      doi            = "10.1007/JHEP07(2016)100",
      eprint         = "1512.01548",
      archivePrefix  = "arXiv",
      primaryClass   = "hep-th",
      reportNumber   = "SU-ITP-15-18, SLAC-PUB-16292",
      SLACcitation   = "%%CITATION = ARXIV:1512.01548;%%"
}

@article{Czech:2016nxc,
      author         = "Czech, Bartlomiej and Nguyen, Phuc H. and Swaminathan,
                        Sivaramakrishnan",
      title          = "{A defect in holographic interpretations of tensor
                        networks}",
      journal        = "JHEP",
      volume         = "03",
      year           = "2017",
      pages          = "090",
      doi            = "10.1007/JHEP03(2017)090",
      eprint         = "1612.05698",
      archivePrefix  = "arXiv",
      primaryClass   = "hep-th",
      reportNumber   = "UTTG--23--26, UTTG--23--16",
      SLACcitation   = "%%CITATION = ARXIV:1612.05698;%%"
}


%% Other

@article{Czech:2017ryf,
      author         = "Czech, Bartlomiej",
      title          = "{Einstein's Equations from Varying Complexity}",
      year           = "2017",
      eprint         = "1706.00965",
      archivePrefix  = "arXiv",
      primaryClass   = "hep-th",
      SLACcitation   = "%%CITATION = ARXIV:1706.00965;%%"
}

@article{Caputa:2017yrh,
      author         = "Caputa, Pawel and Kundu, Nilay and Miyaji, Masamichi and
                        Takayanagi, Tadashi and Watanabe, Kento",
      title          = "{Liouville Action as Path-Integral Complexity: From
                        Continuous Tensor Networks to AdS/CFT}",
      year           = "2017",
      eprint         = "1706.07056",
      archivePrefix  = "arXiv",
      primaryClass   = "hep-th",
      reportNumber   = "YITP-17-65, IPMU17-0091",
      SLACcitation   = "%%CITATION = ARXIV:1706.07056;%%"
}

@article{Hashimoto:2017fga,
      author         = "Hashimoto, Koji and Iizuka, Norihiro and Sugishita,
                        Sotaro",
      title          = "{Time Evolution of Complexity in Abelian Gauge Theories -
                        And Playing Quantum Othello Game -}",
      year           = "2017",
      eprint         = "1707.03840",
      archivePrefix  = "arXiv",
      primaryClass   = "hep-th",
      reportNumber   = "OU-HET-938",
      SLACcitation   = "%%CITATION = ARXIV:1707.03840;%%"
}

@article{Alishahiha:2000qf,
      author         = "Alishahiha, Mohsen and Ita, Harald and Oz, Yaron",
      title          = "{Graviton scattering on D6-branes with B fields}",
      journal        = "JHEP",
      volume         = "06",
      year           = "2000",
      pages          = "002",
      doi            = "10.1088/1126-6708/2000/06/002",
      eprint         = "hep-th/0004011",
      archivePrefix  = "arXiv",
      primaryClass   = "hep-th",
      reportNumber   = "CERN-TH-2000-089",
      SLACcitation   = "%%CITATION = HEP-TH/0004011;%%"
}

@article{Araujo:2017jkb,
      author         = "Araujo, T. and Bakhmatov, I. and Colg{\'a}in, E. {\'O} and
                        Sakamoto, J. and Sheikh-Jabbari, M. M. and Yoshida, K.",
      title          = "{Yang-Baxter $\sigma$-models, conformal twists, and
                        noncommutative Yang-Mills theory}",
      journal        = "Phys. Rev.",
      volume         = "D95",
      year           = "2017",
      number         = "10",
      pages          = "105006",
      doi            = "10.1103/PhysRevD.95.105006",
      eprint         = "1702.02861",
      archivePrefix  = "arXiv",
      primaryClass   = "hep-th",
      reportNumber   = "DMUS-MP-17-03, KUNS-2663, IPM-P-2017-004,
                        APCTP-PRE2017-003",
      SLACcitation   = "%%CITATION = ARXIV:1702.02861;%%"
}

@article{Araujo:2017jap,
      author         = "Araujo, Thiago and Bakhmatov, Ilya and Colg{\'a}in, Eoin {\'O}
                        and Sakamoto, Jun-ichi and Sheikh-Jabbari, Mohammad M. and
                        Yoshida, Kentaroh",
      title          = "{Conformal Twists, Yang-Baxter $\sigma$-models \&
                        Holographic Noncommutativity}",
      year           = "2017",
      eprint         = "1705.02063",
      archivePrefix  = "arXiv",
      primaryClass   = "hep-th",
      reportNumber   = "IPM-P-2017-016, KUNS-2676, APCTP-PRE2017-004",
      SLACcitation   = "%%CITATION = ARXIV:1705.02063;%%"
}

@article{Bakhmatov:2017joy,
      author         = "Bakhmatov, I. and Kelekci, {\"O}. and Colg{\'a}in, E. {\'O} and
                        Sheikh-Jabbari, M. M.",
      title          = "{Classical Yang-Baxter Equation from Supergravity}",
      year           = "2017",
      eprint         = "1710.06784",
      archivePrefix  = "arXiv",
      primaryClass   = "hep-th",
      reportNumber   = "APCTP-PRE2017-017",
      SLACcitation   = "%%CITATION = ARXIV:1710.06784;%%"
}

@article{Lin:2014hva,
      author         = "Lin, Jennifer and Marcolli, Matilde and Ooguri, Hirosi
                        and Stoica, Bogdan",
      title          = "{Locality of Gravitational Systems from Entanglement of
                        Conformal Field Theories}",
      journal        = "Phys. Rev. Lett.",
      volume         = "114",
      year           = "2015",
      pages          = "221601",
      doi            = "10.1103/PhysRevLett.114.221601",
      eprint         = "1412.1879",
      archivePrefix  = "arXiv",
      primaryClass   = "hep-th",
      reportNumber   = "CALT-TH-2014-162, IPMU14-0349",
      SLACcitation   = "%%CITATION = ARXIV:1412.1879;%%"
}

@article{Lashkari:2015hha,
      author         = "Lashkari, Nima and Van Raamsdonk, Mark",
      title          = "{Canonical Energy is Quantum Fisher Information}",
      journal        = "JHEP",
      volume         = "04",
      year           = "2016",
      pages          = "153",
      doi            = "10.1007/JHEP04(2016)153",
      eprint         = "1508.00897",
      archivePrefix  = "arXiv",
      primaryClass   = "hep-th",
      SLACcitation   = "%%CITATION = ARXIV:1508.00897;%%"
}

@article{Lashkari:2016idm,
      author         = "Lashkari, Nima and Lin, Jennifer and Ooguri, Hirosi and
                        Stoica, Bogdan and Van Raamsdonk, Mark",
      title          = "{Gravitational positive energy theorems from information
                        inequalities}",
      journal        = "PTEP",
      volume         = "2016",
      year           = "2016",
      number         = "12",
      pages          = "12C109",
      doi            = "10.1093/ptep/ptw139",
      eprint         = "1605.01075",
      archivePrefix  = "arXiv",
      primaryClass   = "hep-th",
      SLACcitation   = "%%CITATION = ARXIV:1605.01075;%%"
}

