%%% ====================================================================
%%%  BibTeX-file{
%%% Author: Stefan Eccles
%%% Date: 10/18/2017
%%%  }
%%% ====================================================================

%% @COMMENT{complile references for non-commutative geometry and complexity}

@article{Susskind:2014rva,
      author         = "Susskind, Leonard",
      title          = "{Computational Complexity and Black Hole Horizons}",
      journal        = "Fortsch. Phys.",
      volume         = "64",
      year           = "2016",
      pages          = "44-48",
      doi            = "10.1002/prop.201500093, 10.1002/prop.201500092",
      note           = "[Fortsch. Phys.64,24(2016)]",
      eprint         = "1403.5695",
      archivePrefix  = "arXiv",
      primaryClass   = "hep-th",
      reportNumber   = "arXiv:1402.5674",
      SLACcitation   = "%%CITATION = ARXIV:1403.5695;%%"
}

@article{Czech:2017ryf,
      author         = "Czech, Bartlomiej",
      title          = "{Einstein's Equations from Varying Complexity}",
      year           = "2017",
      eprint         = "1706.00965",
      archivePrefix  = "arXiv",
      primaryClass   = "hep-th",
      SLACcitation   = "%%CITATION = ARXIV:1706.00965;%%"
}

@article{Yang:2017nfn,
      author         = "Yang, Run-Qiu",
      title          = "{A Complexity for Quantum Field Theory States and
                        Application in Thermofield Double States}",
      year           = "2017",
      eprint         = "1709.00921",
      archivePrefix  = "arXiv",
      primaryClass   = "hep-th",
      SLACcitation   = "%%CITATION = ARXIV:1709.00921;%%"
}

@article{Chapman:2017rqy,
      author         = "Chapman, Shira and Heller, Michal P. and Marrochio, Hugo
                        and Pastawski, Fernando",
      title          = "{Towards Complexity for Quantum Field Theory States}",
      year           = "2017",
      eprint         = "1707.08582",
      archivePrefix  = "arXiv",
      primaryClass   = "hep-th",
      SLACcitation   = "%%CITATION = ARXIV:1707.08582;%%"
}

@article{Caputa:2017yrh,
      author         = "Caputa, Pawel and Kundu, Nilay and Miyaji, Masamichi and
                        Takayanagi, Tadashi and Watanabe, Kento",
      title          = "{Liouville Action as Path-Integral Complexity: From
                        Continuous Tensor Networks to AdS/CFT}",
      year           = "2017",
      eprint         = "1706.07056",
      archivePrefix  = "arXiv",
      primaryClass   = "hep-th",
      reportNumber   = "YITP-17-65, IPMU17-0091",
      SLACcitation   = "%%CITATION = ARXIV:1706.07056;%%"
}

@article{Stanford:2014jda,
      author         = "Stanford, Douglas and Susskind, Leonard",
      title          = "{Complexity and Shock Wave Geometries}",
      journal        = "Phys. Rev.",
      volume         = "D90",
      year           = "2014",
      number         = "12",
      pages          = "126007",
      doi            = "10.1103/PhysRevD.90.126007",
      eprint         = "1406.2678",
      archivePrefix  = "arXiv",
      primaryClass   = "hep-th",
      SLACcitation   = "%%CITATION = ARXIV:1406.2678;%%"
}

@article{Susskind:2014jwa,
      author         = "Susskind, Leonard and Zhao, Ying",
      title          = "{Switchbacks and the Bridge to Nowhere}",
      year           = "2014",
      eprint         = "1408.2823",
      archivePrefix  = "arXiv",
      primaryClass   = "hep-th",
      SLACcitation   = "%%CITATION = ARXIV:1408.2823;%%"
}

@article{Brown:2015bva,
      author         = "Brown, Adam R. and Roberts, Daniel A. and Susskind,
                        Leonard and Swingle, Brian and Zhao, Ying",
      title          = "{Holographic Complexity Equals Bulk Action?}",
      journal        = "Phys. Rev. Lett.",
      volume         = "116",
      year           = "2016",
      number         = "19",
      pages          = "191301",
      doi            = "10.1103/PhysRevLett.116.191301",
      eprint         = "1509.07876",
      archivePrefix  = "arXiv",
      primaryClass   = "hep-th",
      SLACcitation   = "%%CITATION = ARXIV:1509.07876;%%"
}

@article{Brown:2015lvg,
      author         = "Brown, Adam R. and Roberts, Daniel A. and Susskind,
                        Leonard and Swingle, Brian and Zhao, Ying",
      title          = "{Complexity, action, and black holes}",
      journal        = "Phys. Rev.",
      volume         = "D93",
      year           = "2016",
      number         = "8",
      pages          = "086006",
      doi            = "10.1103/PhysRevD.93.086006",
      eprint         = "1512.04993",
      archivePrefix  = "arXiv",
      primaryClass   = "hep-th",
      SLACcitation   = "%%CITATION = ARXIV:1512.04993;%%"
}

@article{Couch:2016exn,
      author         = "Couch, Josiah and Fischler, Willy and Nguyen, Phuc H.",
      title          = "{Noether charge, black hole volume, and complexity}",
      journal        = "JHEP",
      volume         = "03",
      year           = "2017",
      pages          = "119",
      doi            = "10.1007/JHEP03(2017)119",
      eprint         = "1610.02038",
      archivePrefix  = "arXiv",
      primaryClass   = "hep-th",
      reportNumber   = "UTTG-16-16",
      SLACcitation   = "%%CITATION = ARXIV:1610.02038;%%"
}

@article{Margolus:1997ih,
      author         = "Margolus, Norman and Levitin, Lev B.",
      title          = "{The Maximum speed of dynamical evolution}",
      booktitle      = "{4th Workshop on Physics and Computation (PhysComp 96)
                        Boston, Massachusetts, November 22-24, 1996}",
      journal        = "Physica",
      volume         = "D120",
      year           = "1998",
      pages          = "188-195",
      doi            = "10.1016/S0167-2789(98)00054-2",
      eprint         = "quant-ph/9710043",
      archivePrefix  = "arXiv",
      primaryClass   = "quant-ph",
      SLACcitation   = "%%CITATION = QUANT-PH/9710043;%%"
}

@article{Cottrell:2017ayj,
      author         = "Cottrell, William and Montero, Miguel",
      title          = "{Complexity is Simple}",
      year           = "2017",
      eprint         = "1710.01175",
      archivePrefix  = "arXiv",
      primaryClass   = "hep-th",
      SLACcitation   = "%%CITATION = ARXIV:1710.01175;%%"
}

@article{Carmi:2017jqz,
      author         = "Carmi, Dean and Chapman, Shira and Marrochio, Hugo and
                        Myers, Robert C. and Sugishita, Sotaro",
      title          = "{On the Time Dependence of Holographic Complexity}",
      year           = "2017",
      eprint         = "1709.10184",
      archivePrefix  = "arXiv",
      primaryClass   = "hep-th",
      SLACcitation   = "%%CITATION = ARXIV:1709.10184;%%"
}

@article{Fischler:2013gsa,
      author         = "Fischler, Willy and Kundu, Arnab and Kundu, Sandipan",
      title          = "{Holographic Entanglement in a Noncommutative Gauge
                        Theory}",
      journal        = "JHEP",
      volume         = "01",
      year           = "2014",
      pages          = "137",
      doi            = "10.1007/JHEP01(2014)137",
      eprint         = "1307.2932",
      archivePrefix  = "arXiv",
      primaryClass   = "hep-th",
      reportNumber   = "UTTG-14-13, TCC-010-13",
      SLACcitation   = "%%CITATION = ARXIV:1307.2932;%%"
}

@article{Edalati:2012jj,
      author         = "Edalati, Mohammad and Fischler, Willy and Pedraza, Juan
                        F. and Tangarife Garcia, Walter",
      title          = "{Fast Scramblers and Non-commutative Gauge Theories}",
      journal        = "JHEP",
      volume         = "07",
      year           = "2012",
      pages          = "043",
      doi            = "10.1007/JHEP07(2012)043",
      eprint         = "1204.5748",
      archivePrefix  = "arXiv",
      primaryClass   = "hep-th",
      reportNumber   = "UTTG-06-12, TCC-008-12",
      SLACcitation   = "%%CITATION = ARXIV:1204.5748;%%"
}

@article{Lehner:2016vdi,
      author         = "Lehner, Luis and Myers, Robert C. and Poisson, Eric and
                        Sorkin, Rafael D.",
      title          = "{Gravitational action with null boundaries}",
      journal        = "Phys. Rev.",
      volume         = "D94",
      year           = "2016",
      number         = "8",
      pages          = "084046",
      doi            = "10.1103/PhysRevD.94.084046",
      eprint         = "1609.00207",
      archivePrefix  = "arXiv",
      primaryClass   = "hep-th",
      SLACcitation   = "%%CITATION = ARXIV:1609.00207;%%"
}

@article{Seiberg:1999vs,
      author         = "Seiberg, Nathan and Witten, Edward",
      title          = "{String theory and noncommutative geometry}",
      journal        = "JHEP",
      volume         = "09",
      year           = "1999",
      pages          = "032",
      doi            = "10.1088/1126-6708/1999/09/032",
      eprint         = "hep-th/9908142",
      archivePrefix  = "arXiv",
      primaryClass   = "hep-th",
      reportNumber   = "IASSNS-HEP-99-74",
      SLACcitation   = "%%CITATION = HEP-TH/9908142;%%"
}


@article{Hashimoto:1999ut,
      author         = "Hashimoto, Akikazu and Itzhaki, N.",
      title          = "{Noncommutative Yang-Mills and the AdS / CFT
                        correspondence}",
      journal        = "Phys. Lett.",
      volume         = "B465",
      year           = "1999",
      pages          = "142-147",
      doi            = "10.1016/S0370-2693(99)01037-0",
      eprint         = "hep-th/9907166",
      archivePrefix  = "arXiv",
      primaryClass   = "hep-th",
      reportNumber   = "NSF-ITP-99-085",
      SLACcitation   = "%%CITATION = HEP-TH/9907166;%%"
}

@article{Maldacena:1999mh,
      author         = "Maldacena, Juan Martin and Russo, Jorge G.",
      title          = "{Large N limit of noncommutative gauge theories}",
      journal        = "JHEP",
      volume         = "09",
      year           = "1999",
      pages          = "025",
      doi            = "10.1088/1126-6708/1999/09/025",
      eprint         = "hep-th/9908134",
      archivePrefix  = "arXiv",
      primaryClass   = "hep-th",
      reportNumber   = "HUTP-99-A046",
      SLACcitation   = "%%CITATION = HEP-TH/9908134;%%"
}

@article{Alishahiha:1999ci,
      author         = "Alishahiha, Mohsen and Oz, Yaron and Sheikh-Jabbari, M.
                        M.",
      title          = "{Supergravity and large N noncommutative field theories}",
      journal        = "JHEP",
      volume         = "11",
      year           = "1999",
      pages          = "007",
      doi            = "10.1088/1126-6708/1999/11/007",
      eprint         = "hep-th/9909215",
      archivePrefix  = "arXiv",
      primaryClass   = "hep-th",
      reportNumber   = "CERN-TH-99-266, IPM-P-99-045",
      SLACcitation   = "%%CITATION = HEP-TH/9909215;%%"
}

@article{Cai:1999aw,
      author         = "Cai, Rong-Gen and Ohta, Nobuyoshi",
      title          = "{On the thermodynamics of large N noncommutative
                        superYang-Mills theory}",
      journal        = "Phys. Rev.",
      volume         = "D61",
      year           = "2000",
      pages          = "124012",
      doi            = "10.1103/PhysRevD.61.124012",
      eprint         = "hep-th/9910092",
      archivePrefix  = "arXiv",
      primaryClass   = "hep-th",
      reportNumber   = "OU-HET-329",
      SLACcitation   = "%%CITATION = HEP-TH/9910092;%%"
}

@article{Berman:2000jw,
      author         = "Berman, David S. and Campos, Vanicson L. and Cederwall,
                        Martin and Gran, Ulf and Larsson, Henric and Nielsen,
                        Mikkel and Nilsson, Bengt E. W. and Sundell, Per",
      title          = "{Holographic noncommutativity}",
      journal        = "JHEP",
      volume         = "05",
      year           = "2001",
      pages          = "002",
      doi            = "10.1088/1126-6708/2001/05/002",
      eprint         = "hep-th/0011282",
      archivePrefix  = "arXiv",
      primaryClass   = "hep-th",
      reportNumber   = "UG-00-21",
      SLACcitation   = "%%CITATION = HEP-TH/0011282;%%"
}

@article{Brown:2017jil,
      author         = "Brown, Adam R. and Susskind, Leonard",
      title          = "{The Second Law of Quantum Complexity}",
      year           = "2017",
      eprint         = "1701.01107",
      archivePrefix  = "arXiv",
      primaryClass   = "hep-th",
      SLACcitation   = "%%CITATION = ARXIV:1701.01107;%%"
}

@article{Brown:2016wib,
      author         = "Brown, Adam R. and Susskind, Leonard and Zhao, Ying",
      title          = "{Quantum Complexity and Negative Curvature}",
      journal        = "Phys. Rev.",
      volume         = "D95",
      year           = "2017",
      number         = "4",
      pages          = "045010",
      doi            = "10.1103/PhysRevD.95.045010",
      eprint         = "1608.02612",
      archivePrefix  = "arXiv",
      primaryClass   = "hep-th",
      SLACcitation   = "%%CITATION = ARXIV:1608.02612;%%"
}


@article{Jefferson:2017sdb,
      author         = "Jefferson, Robert A. and Myers, Robert C.",
      title          = "{Circuit complexity in quantum field theory}",
      year           = "2017",
      eprint         = "1707.08570",
      archivePrefix  = "arXiv",
      primaryClass   = "hep-th",
      SLACcitation   = "%%CITATION = ARXIV:1707.08570;%%"
}

@article{Fischler:2000bp,
      author         = "Fischler, W. and Gorbatov, E. and Kashani-Poor, A. and
                        McNees, R. and Paban, S. and Pouliot, P.",
      title          = "{The Interplay between theta and T}",
      journal        = "JHEP",
      volume         = "06",
      year           = "2000",
      pages          = "032",
      doi            = "10.1088/1126-6708/2000/06/032",
      eprint         = "hep-th/0003216",
      archivePrefix  = "arXiv",
      primaryClass   = "hep-th",
      reportNumber   = "UTTG-05-00",
      SLACcitation   = "%%CITATION = HEP-TH/0003216;%%"
}

@article{Hashimoto:2017fga,
      author         = "Hashimoto, Koji and Iizuka, Norihiro and Sugishita,
                        Sotaro",
      title          = "{Time Evolution of Complexity in Abelian Gauge Theories -
                        And Playing Quantum Othello Game -}",
      year           = "2017",
      eprint         = "1707.03840",
      archivePrefix  = "arXiv",
      primaryClass   = "hep-th",
      reportNumber   = "OU-HET-938",
      SLACcitation   = "%%CITATION = ARXIV:1707.03840;%%"
}

@article{Karczmarek:2013xxa,
      author         = "Karczmarek, Joanna L. and Rabideau, Charles",
      title          = "{Holographic entanglement entropy in nonlocal theories}",
      journal        = "JHEP",
      volume         = "10",
      year           = "2013",
      pages          = "078",
      doi            = "10.1007/JHEP10(2013)078",
      eprint         = "1307.3517",
      archivePrefix  = "arXiv",
      primaryClass   = "hep-th",
      SLACcitation   = "%%CITATION = ARXIV:1307.3517;%%"
}


@article{Lloyd,
	author	="Lloyd, S.",
	title		="{Ultimate physical limits to computation}",
	journal	="Nature",
	volume	="406",
	year		="2000",
	pages		="1047",
	doi		="10.1038/35023282"
}

@article{Alishahiha:2000qf,
      author         = "Alishahiha, Mohsen and Ita, Harald and Oz, Yaron",
      title          = "{Graviton scattering on D6-branes with B fields}",
      journal        = "JHEP",
      volume         = "06",
      year           = "2000",
      pages          = "002",
      doi            = "10.1088/1126-6708/2000/06/002",
      eprint         = "hep-th/0004011",
      archivePrefix  = "arXiv",
      primaryClass   = "hep-th",
      reportNumber   = "CERN-TH-2000-089",
      SLACcitation   = "%%CITATION = HEP-TH/0004011;%%"
}